
//// Abstract

@article{AMS02AntiprotonPRL2016,
  title = {Antiproton \rm{F}lux, \rm{A}ntiproton-to-\rm{P}roton \rm{F}lux \rm{R}atio, and \rm{P}roperties of \rm{E}lementary \rm{P}article \rm{F}luxes in \rm{P}rimary \rm{C}osmic \rm{R}ays \rm{M}easured with the \rm{A}lpha \rm{M}agnetic \rm{S}pectrometer on the \rm{I}nternational \rm{S}pace \rm{S}tation},
  author = {M. Aguilar et al. (AMS Collaboration)},
  collaboration = {AMS Collaboration},
  journal = {Phys. Rev. Lett.},
  volume = {117},
  issue = {9},
  pages = {091103},
  numpages = {10},
  year = {2016},
  month = {Aug},
  publisher = {American Physical Society},
  doi = {10.1103/PhysRevLett.117.091103},
  url = {https://link.aps.org/doi/10.1103/PhysRevLett.117.091103},
  note = "DOI: \href{https://doi.org/10.1103/PhysRevLett.117.091103}{\textcolor{blue}{10.1103/PhysRevLett.117.091103}}",
}

@article{PhysicsReport2,
title   = {The \rm{A}lpha \rm{M}agnetic \rm{S}pectrometer (\rm{AMS}) on the international space station: \rm{P}art \rm{II} -- \rm{R}esults from the first seven years},
journal = {Physics Reports},
volume  = {894},
pages   = {1-116},
year    = {2021},
  month = {Feb},
issn    = {0370-1573},
doi     = {https://doi.org/10.1016/j.physrep.2020.09.003},
url     = {https://www.sciencedirect.com/science/article/pii/S0370157320303434},
author  = {M. Aguilar et al. (AMS Collaboration)},
note    = "DOI: \href{https://doi.org/10.1016/j.physrep.2020.09.003}{\textcolor{blue}{10.1016/j.physrep.2020.09.003}}", 
}

//// Chapter 1 

@misc{NobelCosmicRay,
  author = {NobelPrize.org (Nobel Media AB)},
  title = {Victor \rm{F}. \rm{H}ess - \rm{F}acts},
  publisher = {Nobel Prize Outreach AB 2022},
  year = {2022},
  note = {URL: \href{https://www.nobelprize.org/prizes/physics/1936/hess/facts}{\textcolor{blue}{https://www.n\\obelprize.org/prizes/physics/1936/hess/facts}}}, 
}

@article{PositronAndersonPaper,
  title     = {The \rm{P}ositive \rm{E}lectron},
  author    = {Anderson, C. D.},
  journal   = {Phys. Rev.},
  volume    = {43},
  issue     = {6},
  pages     = {491--494},
  numpages  = {0},
  year      = {1933},
  month     = {Mar},
  publisher = {American Physical Society},
  doi       = {10.1103/PhysRev.43.491},
  url       = {https://link.aps.org/doi/10.1103/PhysRev.43.491},
  note      = "DOI: \href{https://doi.org/10.1103/PhysRev.43.491}{\textcolor{blue}{10.11\\03/PhysRev.43.491}}",
}


@article{AntiprotonDiscoverPaper,
title  = {Antiprotons},
author = {Chamberlain, O. and Segre, E. and Wiegand, C.},
doi    = {10.2172/915070},
url    = {https://www.osti.gov/biblio/915070}, 
journal = {Technical Report},
number = {},
volume = {},
place  = {United States},
year   = {1955},
month  = {Nov},
note   = "DOI: \href{https://doi.org/10.2172/915070}{\textcolor{blue}{10.2172/915070}}",
}


@inproceedings{CosmicAntiprotonBogomolov1979,
  title={A \rm{S}tratospheric \rm{M}agnetic \rm{S}pectrometer \rm{I}nvestigation of the \rm{S}ingly \rm{C}harged \rm{C}omponent \rm{S}pectra and \rm{C}omposition of the \rm{P}rimary and \rm{S}econdary \rm{C}osmic \rm{R}adiation},
  author = "Bogomolov, E. A. and others",
  booktitle={International Cosmic Ray Conference},
  volume={1},
  pages={330},
  year={1979},
  note = {URL: \textcolor{blue}{https://articles.adsabs.harvard.edu/pdf/1979ICRC...16a.330B}},
}

@article{CosmicAntiprotonGolden1979,
  title = {Evidence for the \rm{E}xistence of \rm{C}osmic-\rm{R}ay \rm{A}ntiprotons},
  author = "Golden, R. L. and others",
  journal = {Phys. Rev. Lett.},
  volume = {43},
  issue = {16},
  pages = {1196--1199},
  numpages = {0},
  year = {1979},
  month = {Oct},
  publisher = {American Physical Society},
  doi = {10.1103/PhysRevLett.43.1196},
  url = {https://link.aps.org/doi/10.1103/PhysRevLett.43.1196},
  note = "DOI: \href{https://doi.org/10.1103/PhysRevLett.43.1196}{\textcolor{blue}{10.1103/PhysRevLett.43.1196}}",
}

@article{PamelaAntiproton350Paper,
    author = "Adriani, O. and others",
    title = "{Measurement of the flux of primary cosmic ray antiprotons with energies of 60-\rm{M}e\rm{V} to 350-\rm{G}e\rm{V} in the \rm{PAMELA} experiment}",
    doi = "10.1134/S002136401222002X",
    journal = "JETP Letters",
    volume = "96",
    pages = "621--627",
    year = "2013",
    note = "DOI: \href{https://doi.org/10.1134/S002136401222002X}{\textcolor{blue}{10.1134/S002136401222002X}}",
}

//// Chapter 2

// Section 2.1

@article{GZKPaper1,
  title = {End to the \rm{C}osmic-\rm{R}ay \rm{S}pectrum?},
  author = {Greisen, K.},
  journal = {Phys. Rev. Lett.},
  volume = {16},
  issue = {17},
  pages = {748--750},
  numpages = {0},
  year = {1966},
  month = {Apr},
  publisher = {American Physical Society},
  doi = {10.1103/PhysRevLett.16.748},
  url = {https://link.aps.org/doi/10.1103/PhysRevLett.16.748},
  note = "DOI: \href{https://doi.org/10.1103/PhysRevLett.16.748}{\textcolor{blue}{10.1103/PhysRevLett.16.748}}",
}

@article{GZKPaper2,
title = {\rm{U}pper \rm{L}imit of the \rm{S}pectrum of \rm{C}osmic \rm{R}ays},
author = {Zatsepin, G. T. and Kuzmin, V. A.},
journal = {Soviet Journal of Experimental and Theoretical Physics Letters},
volume = {4},
pages = {78},
year = {1966},
month = {Aug},
note = "URL: \href{https://www.osti.gov/biblio/4515382}{\textcolor{blue}{https://www.osti.gov/biblio/4515382}}",
}

@ARTICLE{OMGParticle1,
author = {Bird, D. J. and others},
title = "{Detection of a \rm{C}osmic \rm{R}ay with \rm{M}easured \rm{E}nergy \rm{W}ell beyond the \rm{E}xpected \rm{S}pectral \rm{C}utoff due to \rm{C}osmic \rm{M}icrowave \rm{R}adiation}",
journal = {Astrophysical Journal},
year = {1995},
month = {Mar},
volume = {441},
pages = {144},
doi = {10.1086/175344},
adsurl = {https://ui.adsabs.harvard.edu/abs/1995ApJ...441..144B},
adsnote = {Provided by the SAO/NASA Astrophysics Data System},
note = "DOI: \href{https://doi.org/10.1086/175344}{\textcolor{blue}{10.1086/175344}}",
}

@article{OMGParticle2,
	author = {R. Abbasi et al.},
	doi = {10.1088/2041-8205/790/2/l21},
	url = {https://doi.org/10.1088/2041-8205/790/2/l21},
	year = 2014,
	month = {Jul},
	publisher = {American Astronomical Society},
	volume = {790},
	number = {2},
	pages = {L21},
	title = {\rm{I}ndications of \rm{I}ntermediate-\rm{S}cale \rm{A}nisotropy of \rm{C}osmic \rm{R}ays with \rm{E}nergy \rm{G}reater \rm{T}han 57 \rm{E}e\rm{V} in the \rm{N}orthern \rm{S}ky \rm{M}easured with the \rm{S}urface \rm{D}etector of the \rm{T}elescope \rm{A}rray \rm{E}xperiment},
	journal = {The Astrophysical Journal},
        note = "DOI: \href{https://doi.org/10.1088/2041-8205/790/2/l21}{\textcolor{blue}{10.1088/2041-8205/790/2/l21}}",
}

@misc{CosmicRaysKneeAndAnkle,
  title        = {Cosmic \rm{R}ay \rm{S}pectra of \rm{V}arious \rm{E}xperiments},
  author       = {William, H.}, 
  year         = {},
  month        = {},
  howpublished = {},
  note         = {URL: \href{https://web.physics.utah.edu/~whanlon/spectrum.html}{\textcolor{blue}{https://web.physics.\\utah.edu/~whanlon/spectrum.html}}}, 
}

@article{PDG2020,
    author        = "R. L. Workman et al. (Particle Data Group)",
    collaboration = "Particle Data Group",
    title         = "{Review of Particle Physics}",
    journal       = "Prog. Theor. Exp. Phys",
    volume        = "2022",
    pages         = "p.083C01",
    year          = {2022},
    note          = "DOI: \href{https://pdg.lbl.gov/2022/reviews/contents_sports.html}{\textcolor{blue}{10.1093/ptep/ptac097}}",
}


@misc{ElementAbundanceOfCosmicRays_OriginalACE,
  title        = {An \rm{O}verview of \rm{C}osmic-\rm{R}ay \rm{E}lemental \rm{C}omposition},
  author       = {M. Israel and others}, 
  year         = {2004},
  month        = {Oct},
  howpublished = {ACE News},
  note         = {URL: \href{https://izw1.caltech.edu/ACE/ACENews/ACENews83.html}{\textcolor{blue}{https://izw1.caltech.edu/ACE/ACENews/ACENews83.html}}}, 
}



// Section 2.2

@article{CosmicRaysFromSuperNova,
 ISSN      = {00278424},
 URL       = {http://www.jstor.org/stable/86841},
 author    = {W. Baade and F. Zwicky},
 journal   = {Proceedings of the National Academy of Sciences of the United States of America},
 number    = {5},
 pages     = {259--263},
 publisher = {National Academy of Sciences},
 title     = {Cosmic \rm{R}ays from \rm{S}uper-novae},
 urldate   = {2022-05-23},
 volume    = {20},
 year      = {1934},
 note      = {URL: \textcolor{blue}{http://www.jstor.org/stable/86841}}, 
}

@Inbook{SupernovaClassification,
author    = {Turatto, M.},
title     = {\rm{Classification of Supernovae}},
bookTitle = {Supernovae and Gamma-Ray Bursters},
year      = {2003},
publisher = {Springer Berlin Heidelberg},
address   = {Berlin, Heidelberg},
pages     = {21--36},
isbn      = {978-3-540-45863-0},
note      = {DOI: \href{https://doi.org/10.1007/3-540-45863-8_3}{\textcolor{blue}{10.1007/3-540-45863-8\textunderscore3}}},
}

@article{SupernovaRemnants,
author  = {Reynolds, S. P.},
title   = {Supernova \rm{R}emnants at \rm{H}igh \rm{E}nergy},
journal = {Annual Review of Astronomy and Astrophysics},
volume  = {46},
number  = {1},
pages   = {89-126},
year    = {2008},
doi     = {10.1146/annurev.astro.46.060407.145237},
URL     = {https://doi.org/10.1146/annurev.astro.46.060407.145237},
note    = {DOI: \href{https://doi.org/10.1146/annurev.astro.46.060407.145237}{\textcolor{blue}{10.1146/annurev.astro.46.060407.145237}}},
}

@BOOK{FirstFermiAcceleration,
       author = {Longair, M. S.},
        title = "{\rm{H}igh \rm{E}nergy \rm{A}strophysics}",
         year = {2011},
    publisher = {UK: Cambridge University Press},
         note = {URL: \href{https://ui.adsabs.harvard.edu/abs/2011hea..book.....L}{\textcolor{blue}{https://ui.adsabs.harvard.edu/abs/2011hea..book.....L}}},
}

@article{SecondFermiAcceleration,
  title     = {On the \rm{O}rigin of the \rm{C}osmic \rm{R}adiation},
  author    = {Fermi, E.},
  journal   = {Phys. Rev.},
  volume    = {75},
  issue     = {8},
  pages     = {1169--1174},
  numpages  = {0},
  year      = {1949},
  month     = {Apr},
  publisher = {American Physical Society},
  doi       = {10.1103/PhysRev.75.1169},
  url       = {https://link.aps.org/doi/10.1103/PhysRev.75.1169},
  note      = {DOI: \href{https://doi.org/10.1103/PhysRev.75.1169}{\textcolor{blue}{10.1103/PhysRev.75.1169}}},
}

@article{PulsarGenerateCosmicRays,
 ISSN    = {00804614},
 URL     = {http://www.jstor.org/stable/74493},
 author  = {T. Gold and F. G. Smith and A. W. Wolfendale},
 journal = {Philosophical Transactions of the Royal Society of London. Series A, Mathematical and Physical Sciences},
 number  = {1270},
 pages   = {453--461},
 publisher = {The Royal Society},
 title   = {Pulsars and the \rm{O}rigin of \rm{C}osmic \rm{R}ays and \rm{D}iscussion},
 urldate = {2022-07-20},
 volume  = {277},
 year    = {1975},
 note    = {URL: \href{http://www.jstor.org/stable/74493}{\textcolor{blue}{http://www.jstor.org/stable/74493}}},
}

@article{PulsarGenerateCosmicRays2,
	author = {W. Bednarek and M. Bartosik},  
	title = {Cosmic rays from \rm{G}alactic pulsars},
	DOI= "10.1051/0004-6361:20047005",
	url= "https://doi.org/10.1051/0004-6361:20047005",
	journal = {Astronomy \& Astrophysics},
	year = 2004,
	volume = 423,
	number = 2,
	pages = "405-413",
        note = {DOI: \href{https://doi.org/10.1051/0004-6361:20047005}{\textcolor{blue}{10.1051/0004-6361:20047005}}},
}

@article{PulsarPWN,
title   = {Pulsar Wind Nebulae as Cosmic Pevatrons: A Current Sheet's Tale},
author  = {Arons, J.},
year    = {2012},
doi     = {10.1007/s11214-012-9885-1},
pages   = {341-367},
journal = {Space Science Reviews},
volume  = {173},
note    = {DOI: \href{https://doi.org/10.1007/s11214-012-9885-1}{\textcolor{blue}{10.1007/s11214-012-9885-1}}},
}

@article{PulsarAccelerateCosmicRays,
    author  = {Bell, A. R.},
    title   = "{Cosmic ray acceleration in pulsar-driven supernova remnants}",
    journal = {Monthly Notices of the Royal Astronomical Society},
    volume  = {257},
    number  = {3},
    pages   = {493-500},
    year    = {1992},
    month   = {Aug},
    issn    = {0035-8711},
    doi     = {10.1093/mnras/257.3.493},
    url     = {https://doi.org/10.1093/mnras/257.3.493},
    note    = {DOI: \href{https://doi.org/10.1093/mnras/257.3.493}{\textcolor{blue}{10.1093/mnras/257.3.493}}},
}

@article{PulsarProducePositronOnly,
	doi       = {10.1088/1475-7516/2009/01/025},
	url       = {https://doi.org/10.1088/1475-7516/2009/01/025},
	year      = 2009,
	month     = {Jan},
	publisher = {{IOP} Publishing},
	volume    = {2009},
	number    = {01},
	pages     = {025},
	author    = {Hooper, D. and Blasi, P. and Serpico, P. D.},
	title     = {Pulsars as the sources of high energy cosmic ray positrons},
	journal   = {Journal of Cosmology and Astroparticle Physics},
        note      = {DOI: \href{https://doi.org/10.1088/1475-7516/2009/01/025}{\textcolor{blue}{10.1088/1475-7516/2009/01/025}}},
}

@article{PulsarProducePositronOnly2,
author  = {Cowsik, R.},
title   = {Positrons and \rm{A}ntiprotons in \rm{G}alactic \rm{C}osmic \rm{R}ays},
journal = {Annual Review of Nuclear and Particle Science},
volume  = {66},
number  = {1},
pages   = {297-319},
year    = {2016},
doi     = {10.1146/annurev-nucl-102115-044851},
URL     = {https://doi.org/10.1146/annurev-nucl-102115-044851},
note    = {DOI: \href{https://doi.org/10.1146/annurev-nucl-102115-044851}{\textcolor{blue}{10.1146/annurev-nucl-102115-044851}}},
}

@article{TimeAveragedPbarRatioPaperSecondaryProduction1,
    author = "Bresci, V. and others",
    title   = "{Effects of re-acceleration and source grammage on secondary cosmic rays spectra}",
    journal = {Monthly Notices of the Royal Astronomical Society},
    volume  = {488},
    number  = {2},
    pages   = {2068-2078},
    year    = {2019},
    month   = {07},
    issn    = {0035-8711},
    doi     = {10.1093/mnras/stz1806},
    url     = {https://doi.org/10.1093/mnras/stz1806},
    eprint  = {https://academic.oup.com/mnras/article-pdf/488/2/2068/28967482/stz1806.pdf},
    note    = "DOI: \href{https://doi.org/10.1093/mnras/stz1806}{\textcolor{blue}{10.1093/mnras/stz1806}}", 
}

@article{TimeAveragedPbarRatioPaperSecondaryProduction2,
  title     = {A robust excess in the cosmic-ray antiproton spectrum: Implications for annihilating dark matter},
  author    = {Cholis, I. and Linden, T. and Hooper, D.},
  journal   = {Phys. Rev. D},
  volume    = {99},
  issue     = {10},
  pages     = {103026},
  numpages  = {12},
  year      = {2019},
  month     = {May},
  publisher = {American Physical Society},
  doi       = {10.1103/PhysRevD.99.103026},
  url       = {https://link.aps.org/doi/10.1103/PhysRevD.99.103026},
  note      = "DOI: \href{https://doi.org/10.1103/PhysRevD.99.103026}{\textcolor{blue}{10.1103/PhysRevD.99.103026}}", 
}

@article{CosmicAntiprotons,
author  = {Heisig, J.},
title   = {Cosmic-ray antiprotons in the \rm{AMS}-02 era: \rm{A} sensitive probe of dark matter},
journal = {Modern Physics Letters A},
volume  = {36},
number  = {05},
pages   = {2130003},
year    = {2021},
doi     = {10.1142/S0217732321300032},
URL     = {https://doi.org/10.1142/S0217732321300032},
note    = {DOI: \href{https://doi.org/10.1142/S0217732321300032}{\textcolor{blue}{10.1142/S0217732321300032}}},
}

@article{CosmicAntiprotons2,
	doi       = {10.1088/1475-7516/2017/02/048},
	url       = {https://doi.org/10.1088/1475-7516/2017/02/048},
	year      = 2017,
	month     = {Feb},
	publisher = {{IOP} Publishing},
	volume    = {2017},
	number    = {02},
	pages     = {048},
	author    = {M. W. Winkler},
	title     = {Cosmic ray antiprotons at high energies},
	journal   = {Journal of Cosmology and Astroparticle Physics},
        note      = {DOI: \href{https://doi.org/10.1088/1475-7516/2017/02/048}{\textcolor{blue}{10.1088/1475-7516/2017/02/048}}},
}

@article{CosmicAntiprotons3,
	doi = {10.1088/1475-7516/2014/09/051},
	url = {https://doi.org/10.1088/1475-7516/2014/09/051},
	year = 2014,
	month = {Sep},
	publisher = {{IOP} Publishing},
	volume = {2014},
	number = {09},
	pages = {051--051},
	author = {R. Kappl and M. W. Winkler},
	title = {The cosmic ray antiproton background for \rm{AMS}-02},
	journal = {Journal of Cosmology and Astroparticle Physics},
        note = {DOI: \href{https://doi.org/10.1088/1475-7516/2014/09/051}{\textcolor{blue}{10.1088/1475-7516/2014/09/051}}},
}

@article{AntiprotonFromSecondaryAndDarkMatterModel,
  title = {Possible Dark Matter Annihilation Signal in the AMS-02 Antiproton Data},
  author = "Cui, M. and others",
  journal = {Phys. Rev. Lett.},
  volume = {118},
  issue = {19},
  pages = {191101},
  numpages = {5},
  year = {2017},
  month = {May},
  publisher = {American Physical Society},
  doi = {10.1103/PhysRevLett.118.191101},
  url = {https://link.aps.org/doi/10.1103/PhysRevLett.118.191101},
  note = {DOI: \href{https://doi.org/10.1103/PhysRevLett.118.191101}{\textcolor{blue}{10.1103/PhysRevLett.118.191101}}},
}

// Section 2.3

@article{CosmicRayPropagationEquation,
author = {Strong, A. W. and Moskalenko, I. V. and Ptuskin, V. S.},
title = {Cosmic-\rm{R}ay \rm{P}ropagation and \rm{I}nteractions in the \rm{G}alaxy},
journal = {Annual Review of Nuclear and Particle Science},
volume = {57},
number = {1},
pages = {285-327},
year = {2007},
doi = {10.1146/annurev.nucl.57.090506.123011},
URL = {https://doi.org/10.1146/annurev.nucl.57.090506.123011},
eprint = {https://doi.org/10.1146/annurev.nucl.57.090506.123011},
note = {DOI: \href{https://doi.org/10.1146/annurev.nucl.57.090506.123011}{\textcolor{blue}{10.1146/annurev.nucl.57.090506.123011}}},
}

@misc{GALPROP,
  doi       = {10.48550/ARXIV.1105.4921},
  url       = {https://arxiv.org/abs/1105.4921},
  author    = {Moskalenko, I. V.},
  title     = {GALPROP: modeling cosmic ray propagation and associated interstellar emissions},
  publisher = {arXiv},
  year      = {2011},
  copyright = {arXiv.org perpetual, non-exclusive license},
  note      = {DOI: \href{https://doi.org/10.48550/ARXIV.1105.4921}{\textcolor{blue}{10.48550/ARXIV.1105.4921}}},
}

@article{USINE,
title    = {\rm{USINE}: \rm{S}emi-analytical models for \rm{G}alactic cosmic-ray propagation},
journal  = {Computer Physics Communications},
volume   = {247},
pages    = {106942},
year     = {2020},
issn     = {0010-4655},
doi      = {https://doi.org/10.1016/j.cpc.2019.106942},
url      = {https://www.sciencedirect.com/science/article/pii/S0010465519302930},
author   = {D. Maurin},
keywords = {Cosmic rays},
note     = {DOI: \href{https://doi.org/10.1016/j.cpc.2019.106942}{\textcolor{blue}{10.1016/j.cpc.2019.106942}}},
}

@article{DRAGON,
	doi       = {10.1088/1475-7516/2017/02/015},
	url       = {https://doi.org/10.1088/1475-7516/2017/02/015},
	year      = 2017,
	month     = {Feb},
	publisher = {{IOP} Publishing},
	volume    = {2017},
	number    = {02},
	pages     = {015--015},
	author    = {C. Evoli and others}, 
	title     = {Cosmic-ray propagation with \rm{DRAGON}2: I. numerical solver and astrophysical ingredients},
	journal   = {Journal of Cosmology and Astroparticle Physics},
        note      = {DOI: \href{https://doi.org/10.1088/1475-7516/2017/02/015}{\textcolor{blue}{10.1088/1475-7516/2017/02/015}}},
}

@article{LeakyBoxModel,
    author = "Ptuskin, V. S. and Strelnikova, O. N. and Sveshnikova, L. G.",
    title = "{On leaky-box approximation to \rm{GALPROP}}",
    doi = "10.1016/j.astropartphys.2009.02.004",
    journal = "Astroparticle Physics",
    volume = "31",
    pages = "284--289",
    year = "2009",
    note = {DOI: \href{https://doi.org/10.1016/j.astropartphys.2009.02.004}{\textcolor{blue}{10.1016/j.astropartphys.\\2009.02.004}}},
}

@ARTICLE{SolarWind1,
       author = {Parker, E. N.},
        title = "{Dynamics of the \rm{I}nterplanetary \rm{G}as and \rm{M}agnetic \rm{F}ields.}",
      journal = {Astrophysical Journal},
         year = {1958},
        month = {Nov},
       volume = {128},
        pages = {664},
          doi = {10.1086/146579},
         note = {DOI: \href{https://doi.org/10.1086/146579}{\textcolor{blue}{10.1086/146579}}},
}

@InProceedings{SolarWind2,
author    = "Russell, C. T.",
title     = "The \rm{S}olar \rm{W}ind and \rm{M}agnetospheric \rm{D}ynamics",
booktitle = "Correlated Interplanetary and Magnetospheric Observations",
year      = "1974",
publisher = "Springer Netherlands",
pages     = "3--47",
note      = {DOI: \href{https://doi.org/10.1007/978-94-010-2172-2_1}{\textcolor{blue}{10.1007/978-94-010-2172-2{\textunderscore}1}}},
}

@article{HeliosphericMagneticField,
       author = {Owens, M. J. and Forsyth, R. J.},
        title = "{\rm{T}he \rm{H}eliospheric \rm{M}agnetic \rm{F}ield}",
      journal = {Living Reviews in Solar Physics},
         year = {2013},
        month = {Nov},
       volume = {10},
          doi = {10.12942/lrsp-2013-5},
         note = {DOI: \href{https://doi.org/10.12942/lrsp-2013-5}{\textcolor{blue}{10.12942/lrsp-2013-5}}},
}

@article{Voyager1Paper,
author = {Cowen, R.},
title = {Voyager 1 has reached interstellar space},
journal = {Nature},
year = {2013},
doi = {10.1038/nature.2013.13735},
note = {DOI: \href{https://doi.org/10.1038/nature.2013.13735}{\textcolor{blue}{10.1038/nature.2013.13735}}},
}

@article{HeliospherePaper,
author = {Dessler, A. J.},
title = {Solar wind and interplanetary magnetic field},
journal = {Reviews of Geophysics},
volume = {5},
number = {1},
pages = {1-41},
doi = {https://doi.org/10.1029/RG005i001p00001},
url = {https://agupubs.onlinelibrary.wiley.com/doi/abs/10.1029/RG005i001p00001},
eprint = {https://agupubs.onlinelibrary.wiley.com/doi/pdf/10.1029/RG005i001p00001},
year = {1967},
note = {DOI: \href{https://doi.org/10.1029/RG005i001p00001}{\textcolor{blue}{10.1029/RG005i001p00001}}},
}

@misc{WikiVoyager1ReachHeliosphere,
   author = "NASA",
   title = "Solar wind at Voyager 1",
   year = "2012",
   note = {Retrieved 16:20, July 20, 2022 from: \href{https://commons.wikimedia.org/wiki/File:Solar_wind_at_Voyager_1.png}{\textcolor{blue}{https://co\\mmons.wikimedia.org/wiki/File:Solar{\textunderscore}wind{\textunderscore}at{\textunderscore}Voyager{\textunderscore}1.png}}},
}

@article{SolarCycle,
       author = {Hathaway, D. H.},
        title = "{The \rm{S}olar \rm{C}ycle}",
      journal = {Living Reviews in Solar Physics},
         year = {2010},
        month = {Dec},
       volume = {7},
       number = {1},
          eid = {1},
        pages = {1},
          doi = {10.12942/lrsp-2010-1},
         note = {DOI: \href{https://doi.org/10.12942/lrsp-2010-1}{\textcolor{blue}{10.12942/lrsp-2010-1}}},
}

@article{SolarCycleFirstObservation1,
author  = {Jorgensen, C. and others},
year    = {2019},
month   = {Jun},
pages   = {77},
title   = {Christian \rm{H}orrebow's \rm{S}unspot \rm{O}bservations -- {I}. \rm{L}ife and \rm{P}ublished \rm{W}ritings},
volume  = {294},
journal = {Solar Physics},
doi     = {10.1007/s11207-019-1465-z},
note    = {DOI: \href{https://doi.org/10.1007/s11207-019-1465-z}{\textcolor{blue}{10.1007/s11207-019-1465-z}}},
}

@article{SolarCycleFirstObservation2,
author = {K. Christoffer and others},
year = {2019},
month = {Jun},
pages = {78},
title = {Christian \rm{H}orrebow's \rm{S}unspot \rm{O}bservations -- {II}. \rm{C}onstruction of a \rm{R}ecord of \rm{S}unspot \rm{P}ositions},
volume = {294},
journal = {Solar Physics},
doi = {10.1007/s11207-019-1466-y},
note = {DOI: \href{https://doi.org/10.1007/s11207-019-1466-y}{\textcolor{blue}{10.1007/s11207-019-1466-y}}},
}

@ARTICLE{ForceFieldApproximationPaper,
       author = {L. Gleeson and W. Axford},
        title = "{\rm{S}olar \rm{M}odulation of \rm{G}alactic \rm{C}osmic \rm{R}ays}",
      journal = {Astrophysical Journal},
         year = {1968},
        month = {Dec},
       volume = {154},
        pages = {1011},
          doi = {10.1086/149822},
       adsurl = {https://ui.adsabs.harvard.edu/abs/1968ApJ...154.1011G},
      adsnote = {Provided by the SAO/NASA Astrophysics Data System},
         note = {DOI: \href{https://doi.org/10.1086/149822}{\textcolor{blue}{10.1086/149822}}},

}

@article{NeutronMonitor,
title     = {The behaviour of galactic cosmic ray intensity during solar activity cycle 24},
keywords  = "Cosmic rays, galactic, Solar cycle, observations, Sunspots, statistics",
author    = {E. Ross and W. J. Chaplin},
year      = "2019",
month     = "Jan",
doi       = "10.1007/s11207-019-1397-7",
language  = "English",
volume    = "294",
pages     = "8",
journal   = "Solar Physics",
issn      = "0038-0938",
publisher = "Springer",
number    = "1",
note      = {DOI: \href{https://doi.org/10.1007/s11207-019-1397-7}{\textcolor{blue}{10.1007/s11207-019-1397-7}}},
}

@article{AMSElectronPositronPaper,
  title = {Observation of Complex Time Structures in the Cosmic-Ray Electron and Positron Fluxes with the Alpha Magnetic Spectrometer on the International Space Station},
  author = {M. Aguilar et al. (AMS Collaboration)},
  collaboration = {AMS Collaboration},
  journal = {Phys. Rev. Lett.},
  volume = {121},
  issue = {5},
  pages = {051102},
  numpages = {8},
  year = {2018},
  month = {Jul},
  publisher = {American Physical Society},
  doi = {10.1103/PhysRevLett.121.051102},
  url = {https://link.aps.org/doi/10.1103/PhysRevLett.121.051102},
  note    = "DOI: \href{https://doi.org/10.1103/PhysRevLett.121.051102}{\textcolor{blue}{10.1103/PhysRevLett.121.051102}}", 
}


// Section 2.4

@inproceedings{BESSExperiment,
    author        = "K. Anraku et al. (BESS Collaboration)",
    collaboration = "BESS",
    booktitle     = "{KEK-PREPRINT-94-40}",
    title         = "{\rm{B}alloon borne experiment using a superconducting solenoidal magnet spectrometer}",
    month         = "6",
    year          = "1994",
    note          = "URL: \href{https://lib-extopc.kek.jp/preprints/PDF/1994/9427/9427040.pdf}{\textcolor{blue}{https://lib-extopc.kek.jp/preprints/PDF/1994/9427/9427040.pdf}}", 
}

@article{BESSPolarExperiment1,
title = {\rm{BESS}-\rm{P}olar},
journal = {Nuclear Instruments and Methods in Physics Research Section B: Beam Interactions with Materials and Atoms},
volume = {214},
pages = {110-115},
year = {2004},
issn = {0168-583X},
doi = {https://doi.org/10.1016/j.nimb.2003.08.005},
url = {https://www.sciencedirect.com/science/article/pii/S0168583X03018950},
author = {M. Nozaki for the BESS-Polar Collaboration},
note = "DOI: \href{https://doi.org/10.1016/j.nimb.2003.08.005}{\textcolor{blue}{10.1016/j.nimb.2003.08.005}}",
}

@article{BESSPolarExperiment2,
title     = "BESS-polar experiment",
author    = "Yoshida, T. and others",
year      = "2004",
doi       = "10.1016/j.asr.2003.05.017",
language  = "English",
volume    = "33",
pages     = "1755--1762",
journal   = "Life sciences and space research",
issn      = "0273-1177",
publisher = "Elsevier Limited",
number    = "10",
note      = "DOI: \href{https://doi.org/10.1016/j.asr.2003.05.017}{\textcolor{blue}{10.1016/j.asr.2003.05.017}}",
}

@article{BESSPolar1AntiprotonPaper,
title = {Measurement of the cosmic-ray low-energy antiproton spectrum with the first \rm{BESS}-\rm{P}olar \rm{A}ntarctic flight},
journal = {Physics Letters B},
author = {K. Abe et al. (BESS Collaboration)},
volume = {670},
number = {2},
pages = {103-108},
year = {2008},
issn = {0370-2693},
doi = {https://doi.org/10.1016/j.physletb.2008.10.053},
url = {https://www.sciencedirect.com/science/article/pii/S0370269308013270},
note = "DOI: \href{https://doi.org/10.1016/j.physletb.2008.10.053}{\textcolor{blue}{10.1016/j.physletb.2008.10.053}}",
}

@article{BESSPolar2AntiprotonPaper,
  title = {Measurement of the \rm{C}osmic-\rm{R}ay \rm{A}ntiproton \rm{S}pectrum at \rm{S}olar \rm{M}inimum with a \rm{L}ong-\rm{D}uration \rm{B}alloon \rm{F}light over \rm{A}ntarctica},
  author = {K. Abe et al. (BESS Collaboration)},
  journal = {Phys. Rev. Lett.},
  volume = {108},
  issue = {5},
  pages = {051102},
  numpages = {5},
  year = {2012},
  month = {Jan},
  publisher = {American Physical Society},
  doi = {10.1103/PhysRevLett.108.051102},
  url = {https://link.aps.org/doi/10.1103/PhysRevLett.108.051102},
  note = "DOI: \href{https://doi.org/10.1103/PhysRevLett.108.051102}{\textcolor{blue}{10.1103/PhysRevLett.108.051102}}",
}

@article{PamelaExperiment,
	doi       = {10.1088/1742-6596/798/1/012033},
	url       = {https://doi.org/10.1088/1742-6596/798/1/012033},
	year      = 2017,
	month     = {Jan},
	publisher = {{IOP} Publishing},
	volume    = {798},
	pages     = {012033},
	author    = {A. M. Galper et al},
	title     = {The \rm{PAMELA} experiment: a decade of \rm{C}osmic \rm{R}ay \rm{P}hysics in space},
	journal   = {Journal of Physics: Conference Series},
        note      = "DOI: \href{https://doi.org/10.1088/1742-6596/798/1/012033}{\textcolor{blue}{10.1088/17\\42-6596/798/1/012033}}",
}

@article{PamelaAntiproton100Paper,
  title = {\rm{N}ew \rm{M}easurement of the \rm{A}ntiproton-to-\rm{P}roton \rm{F}lux \rm{R}atio up to 100 \rm{G}e\rm{V} in the \rm{C}osmic \rm{R}adiation},
  author = {O. Adriani et al. (PAMELA Collaboration)},
  collaboration = {PAMELA Collaboration},
  journal = {Phys. Rev. Lett.},
  volume = {102},
  issue = {5},
  pages = {051101},
  numpages = {5},
  year = {2009},
  month = {Feb},
  publisher = {American Physical Society},
  doi = {10.1103/PhysRevLett.102.051101},
  url = {https://link.aps.org/doi/10.1103/PhysRevLett.102.051101},
  note = "DOI: \href{https://doi.org/10.1103/PhysRevLett.102.051101}{\textcolor{blue}{10.1103/PhysRevLett.102.051101}}",
}

@article{PamelaAntiproton180Paper,
  title = {\rm{PAMELA} \rm{R}esults on the \rm{C}osmic-\rm{R}ay \rm{A}ntiproton \rm{F}lux from 60 \rm{M}e\rm{V} to 180 \rm{G}e\rm{V} in \rm{K}inetic \rm{E}nergy},
  author = {O. Adriani et al. (PAMELA Collaboration)},
  journal = {Phys. Rev. Lett.},
  volume = {105},
  issue = {12},
  pages = {121101},
  numpages = {5},
  year = {2010},
  month = {Sep},
  publisher = {American Physical Society},
  doi = {10.1103/PhysRevLett.105.121101},
  url = {https://link.aps.org/doi/10.1103/PhysRevLett.105.121101},
  note = "DOI: \href{https://doi.org/10.1103/PhysRevLett.105.121101}{\textcolor{blue}{10.1103/PhysRevLett.105.121101}}",
}

@INPROCEEDINGS{BESSTeV,
       author = {Haino, S. and others},
        title = {\rm{M}easurement of cosmic-ray antiproton spectrum with \rm{BESS}-2002},
    booktitle = {29th International Cosmic Ray Conference},
         year = {2005},
       volume = {3},
        month = {Jan},
        pages = {13},
       adsurl = {https://ui.adsabs.harvard.edu/abs/2005ICRC....3...13H},
      adsnote = {Provided by the SAO/NASA Astrophysics Data System},
         note = "URL: \textcolor{blue}{https://ui.adsabs.harvard.edu/abs/2005ICRC....3...13H}",
}

@ARTICLE{BESS00and99,
       author = {Asaoka, Y. and others},
        title = {\rm{M}easurements of \rm{C}osmic-\rm{R}ay \rm{L}ow-\rm{E}nergy \rm{A}ntiproton and \rm{P}roton \rm{S}pectra in a \rm{T}ransient \rm{P}eriod of \rm{S}olar \rm{F}ield \rm{R}eversal},
      journal = {PhysRevLett},
     keywords = {Astrophysics},
         year = {2002},
        month = {Feb},
       volume = {88},
       number = {5},
          eid = {051101},
        pages = {051101},
          doi = {10.1103/PhysRevLett.88.051101},
archivePrefix = {arXiv},
       eprint = {astro-ph/0109007},
 primaryClass = {astro-ph},
       adsurl = {https://ui.adsabs.harvard.edu/abs/2002PhRvL..88e1101A},
      adsnote = {Provided by the SAO/NASA Astrophysics Data System},
         note = "DOI: \href{https://doi.org/10.1103/PhysRevLett.88.051101}{\textcolor{blue}{10.1103/PhysRevLett.88.051101}}",
}

@ARTICLE{BESS93,
       author = {Moiseev, A. and others},
        title = {\rm{C}osmic-\rm{R}ay \rm{A}ntiproton \rm{F}lux in the \rm{E}nergy \rm{R}ange from 200 to 600 \rm{M}e\rm{V}},
      journal = {The Astrophysical Journal},
     keywords = {Balloons, ISM: Cosmic Rays, Elementary Particles},
         year = {1997},
        month = {Jan},
       volume = {474},
       number = {1},
        pages = {479-489},
          doi = {10.1086/303463},
       adsurl = {https://ui.adsabs.harvard.edu/abs/1997ApJ...474..479M},
      adsnote = {Provided by the SAO/NASA Astrophysics Data System},
         note = "DOI: \href{https://doi.org/10.1086/303463}{\textcolor{blue}{10.1086/303463}}",
}

@ARTICLE{BESS95,
       author = {Matsunaga, H. and others},
        title = {Measurement of \rm{L}ow-\rm{E}nergy \rm{C}osmic-\rm{R}ay \rm{A}ntiprotons at \rm{S}olar \rm{M}inimum},
      journal = {PhysRevLett},
     keywords = {Astrophysics},
         year = {1998},
        month = {Nov},
       volume = {81},
       number = {19},
        pages = {4052-4055},
          doi = {10.1103/PhysRevLett.81.4052},
archivePrefix = {arXiv},
       eprint = {astro-ph/9809326},
 primaryClass = {astro-ph},
       adsurl = {https://ui.adsabs.harvard.edu/abs/1998PhRvL..81.4052M},
      adsnote = {Provided by the SAO/NASA Astrophysics Data System},
         note = "DOI: \href{https://doi.org/10.1103/PhysRevLett.81.4052}{\textcolor{blue}{10.1103/PhysRevLett.81.4052}}",
}

@ARTICLE{BESS97,
       author = {Orito, S. and others},
        title = "{Precision \rm{M}easurement of \rm{C}osmic-\rm{R}ay \rm{A}ntiproton \rm{S}pectrum}",
      journal = {PhysRevLett},
     keywords = {Astrophysics},
         year = {2000},
        month = {Feb},
       volume = {84},
       number = {6},
        pages = {1078-1081},
          doi = {10.1103/PhysRevLett.84.1078},
archivePrefix = {arXiv},
       eprint = {astro-ph/9906426},
 primaryClass = {astro-ph},
       adsurl = {https://ui.adsabs.harvard.edu/abs/2000PhRvL..84.1078O},
      adsnote = {Provided by the SAO/NASA Astrophysics Data System},
         note = "DOI: \href{https://doi.org/10.1103/PhysRevLett.84.1078}{\textcolor{blue}{10.1103/PhysRevLett.84.1078}}",
}

@ARTICLE{BESS98,
       author = {Maeno, T. and others},
        title = {Successive measurements of cosmic-ray antiproton spectrum in a positive phase of the solar cycle},
      journal = {Astroparticle Physics},
     keywords = {Cosmic-ray, Antiproton, Measurements, Solar modulation, Astrophysics},
         year = {2001},
        month = {Nov},
       volume = {16},
       number = {2},
        pages = {121-128},
          doi = {10.1016/S0927-6505(01)00107-4},
archivePrefix = {arXiv},
       eprint = {astro-ph/0010381},
 primaryClass = {astro-ph},
       adsurl = {https://ui.adsabs.harvard.edu/abs/2001APh....16..121M},
      adsnote = {Provided by the SAO/NASA Astrophysics Data System},
         note = "DOI: \href{https://doi.org/10.1016/S0927-6505(01)00107-4}{\textcolor{blue}{10.1016/S0927-6505(01)00107-4}}",
}

@ARTICLE{CAPRICE94,
       author = {Boezio, M. and others},
        title = {The \rm{C}osmic-\rm{R}ay \rm{A}ntiproton \rm{F}lux between 0.62 and 3.19 \rm{G}e\rm{V} \rm{M}easured \rm{N}ear \rm{S}olar \rm{M}inimum \rm{A}ctivity},
      journal = {The Astrophysical Journal},
     keywords = {Balloons, ISM: Cosmic Rays, Elementary Particles, Sun: Activity},
         year = {1997},
        month = {Sep},
       volume = {487},
       number = {1},
        pages = {415-423},
          doi = {10.1086/304593},
       adsurl = {https://ui.adsabs.harvard.edu/abs/1997ApJ...487..415B},
      adsnote = {Provided by the SAO/NASA Astrophysics Data System},
         note = "DOI: \href{https://doi.org/10.1086/304593}{\textcolor{blue}{10.1086/304593}}",
}

@ARTICLE{CAPRICE98,
       author = {Boezio, M. and others},
        title = {The \rm{C}osmic-\rm{R}ay \rm{A}ntiproton \rm{F}lux between 3 and 49 \rm{G}e\rm{V}},
      journal = {The Astrophysical Journal},
     keywords = {Acceleration of Particles, Balloons, ISM: Cosmic Rays, Cosmology: Dark Matter, Elementary Particles, Astrophysics},
         year = {2001},
        month = {Nov},
       volume = {561},
       number = {2},
        pages = {787-799},
          doi = {10.1086/323366},
archivePrefix = {arXiv},
       eprint = {astro-ph/0103513},
 primaryClass = {astro-ph},
       adsurl = {https://ui.adsabs.harvard.edu/abs/2001ApJ...561..787B},
      adsnote = {Provided by the SAO/NASA Astrophysics Data System},
         note = "DOI: \href{https://doi.org/10.1086/323366}{\textcolor{blue}{10.1086/323366}}",
}

@ARTICLE{IMAX92,
       author = {Mitchell, J. and others},
        title = {Measurement of 0.25-3.2 \rm{G}e\rm{V} \rm{A}ntiprotons in the \rm{C}osmic \rm{R}adiation},
      journal = {PhysRevLett},
         year = {1996},
        month = {Apr},
       volume = {76},
       number = {17},
        pages = {3057-3060},
          doi = {10.1103/PhysRevLett.76.3057},
       adsurl = {https://ui.adsabs.harvard.edu/abs/1996PhRvL..76.3057M},
      adsnote = {Provided by the SAO/NASA Astrophysics Data System},
         note = "DOI: \href{https://doi.org/10.1103/PhysRevLett.76.3057}{\textcolor{blue}{10.1103/PhysRevLett.76.3057}}",
}

@INPROCEEDINGS{MASS91,
       author = {Basini, G.},
        title = {The \rm{F}lux of \rm{C}osmic \rm{R}ay \rm{A}ntiprotons from 3.7 to 24 \rm{G}e\rm{V}},
    booktitle = {26th International Cosmic Ray Conference},
         year = {1999},
       volume = {3},
        month = {Aug},
        pages = {77},
       adsurl = {https://ui.adsabs.harvard.edu/abs/1999ICRC....3...77B},
      adsnote = {Provided by the SAO/NASA Astrophysics Data System},
         note = "URL: \textcolor{blue}{https://ui.adsabs.\\harvard.edu/abs/1999ICRC....3...77B}",
}

@article{AMS02ProtonPaper,
  title = {Precision \rm{M}easurement of the \rm{P}roton \rm{F}lux in \rm{P}rimary \rm{C}osmic \rm{R}ays from \rm{R}igidity 1 \rm{GV} to 1.8 \rm{TV} with the \rm{A}lpha \rm{M}agnetic \rm{S}pectrometer on the \rm{I}nternational \rm{S}pace \rm{S}tation},
  author = {M. Aguilar et al. (AMS Collaboration)},
  collaboration = {AMS Collaboration},
  journal = {Phys. Rev. Lett.},
  volume = {114},
  issue = {17},
  pages = {171103},
  numpages = {9},
  year = {2015},
  month = {Apr},
  publisher = {American Physical Society},
  doi = {10.1103/PhysRevLett.114.171103},
  url = {https://link.aps.org/doi/10.1103/PhysRevLett.114.171103},
  note = "DOI: \href{https://doi.org/10.1103/PhysRevLett.114.171103}{\textcolor{blue}{10.1103/PhysRevLett.114.171103}}",
}

@article{DAMPEProton2019,
    author = "An, Q. and others",
    collaboration = "DAMPE",
    title = "{Measurement of the cosmic-ray proton spectrum from 40 \rm{G}e\rm{V} to 100 \rm{T}e\rm{V} with the \rm{DAMPE} satellite}",
    eprint = "1909.12860",
    archivePrefix = "arXiv",
    primaryClass = "astro-ph.HE",
    doi = "10.1126/sciadv.aax3793",
    journal = "Science Advances",
    volume = "5",
    number = "9",
    pages = "eaax3793",
    year = "2019",
    note = "DOI: \href{https://doi.org/10.1126/sciadv.aax3793}{\textcolor{blue}{10.1126/sciadv.aax3793}}",
}

@article{PAMELAProton2011,
 author = {Adriani, O. and others},
  title = {\rm{PAMELA} \rm{M}easurements of \rm{C}osmic-\rm{R}ay \rm{P}roton and \rm{H}elium \rm{S}pectra},
journal = {Science},
 volume = {332},
 number = {6025},
  pages = {69-72},
   year = {2011},
    doi = {10.1126/science.1199172},
    URL = {https://www.science.org/doi/abs/10.1126/science.1199172},
 eprint = {https://www.science.org/doi/pdf/10.1126/science.1199172},
   note = "DOI: \href{https://doi.org/10.1126/science.1199172}{\textcolor{blue}{10.1126/science.1199172}}",
}

@article{ATIC2Proton2009,
    author = "Panov, A. D. and others",
    title = {Energy \rm{S}pectra of \rm{A}bundant \rm{N}uclei of \rm{P}rimary \rm{C}osmic \rm{R}ays from the \rm{D}ata of \rm{ATIC}-2 \rm{E}xperiment: \rm{F}inal \rm{R}esults},
    eprint = "1101.3246",
    archivePrefix = "arXiv",
    primaryClass = "astro-ph.HE",
    doi = "10.3103/S1062873809050098",
    journal = "Bulletin of the Russian Academy of Sciences: Physics",
    volume = "73",
    number = "5",
    pages = "564--567",
    year = "2009",
   note = "DOI: \href{https://doi.org/10.3103/S1062873809050098}{\textcolor{blue}{10.3103/S1062873809050098}}",
}

@article{CREAMIIIProton,
    author = "Yoon, Y. S. and others",
    title = {Proton and \rm{H}elium \rm{S}pectra from the \rm{CREAM}-\rm{III} \rm{F}light},
    eprint = "1704.02512",
    archivePrefix = "arXiv",
    primaryClass = "astro-ph.HE",
    doi = "10.3847/1538-4357/aa68e4",
    journal = "The Astrophysical Journal",
    volume = "839",
    number = "1",
    pages = "5",
    year = "2017",
   note = "DOI: \href{https://doi.org/10.3847/1538-4357/aa68e4}{\textcolor{blue}{10.3847/1538-4357/aa68e4}}",
}

@article{NUCLEON-KLEMProton,
    author  = "Atkin, E. and others",
    title   = {\rm{N}ew \rm{U}niversal \rm{C}osmic-\rm{R}ay \rm{K}nee near a \rm{M}agnetic \rm{R}igidity of 10 \rm{TV} with the \rm{NUCLEON} \rm{S}pace \rm{O}bservatory},
    journal = "Jetp Lett",
    year    = "2018",
    volume  = "108",
     pages  = "5--12",
   note     = "DOI: \href{https://doi.org/10.1134/S0021364018130015}{\textcolor{blue}{10.1134/S00\\21364018130015}}",
}


//// Chapter 3

// Section 3.1 Experiment Overview

@article{AMSProposal1994,
title   = {An antimatter spectrometer in space},
journal = {Nuclear Instruments and Methods in Physics Research Section A: Accelerators, Spectrometers, Detectors and Associated Equipment},
volume  = {350},
number  = {1},
pages   = {351-367},
year    = {1994},
issn    = {0168-9002},
doi     = {https://doi.org/10.1016/0168-9002(94)91184-3},
url     = {https://www.sciencedirect.com/science/article/pii/0168900294911843},
author  = {Ahlen, S. and others},
note    = "DOI: \href{https://doi.org/10.1016/0168-9002(94)91184-3}{\textcolor{blue}{10.1016/0168-9002(94)91184-3}}",
}

@article{AMS02Goal,
title   = {The antimatter spectrometer (\rm{AMS}-02): \rm{A} particle physics detector in space},
journal = {Nuclear Instruments and Methods in Physics Research Section A: Accelerators, Spectrometers, Detectors and Associated Equipment},
volume  = {588},
number  = {1},
pages   = {227-234},
year    = {2008},
issn    = {0168-9002},
doi     = {https://doi.org/10.1016/j.nima.2008.01.044},
url     = {https://www.sciencedirect.com/science/article/pii/S0168900208000727},
author  = {R. Battiston},
note    = "DOI: \href{https://doi.org/10.1016/j.nima.2008.01.044}{\textcolor{blue}{10.1016/j.nima.2008.01.044}}",
}

@article{AMS01Result,
title = {The \rm{A}lpha \rm{M}agnetic \rm{S}pectrometer (\rm{AMS}) on the \rm{I}nternational \rm{S}pace \rm{S}tation: \rm{P}art {I} - results from the test flight on the space shuttle},
journal = {Physics Reports},
volume = {366},
number = {6},
pages = {331-405},
year = {2002},
issn = {0370-1573},
doi = {https://doi.org/10.1016/S0370-1573(02)00013-3},
url = {https://www.sciencedirect.com/science/article/pii/S0370157302000133},
author = {M. Aguilar et al. (AMS Collaboration)},
note = "DOI: \href{c}{\textcolor{blue}{10.1016/S0370-1573(02)00013-3}}",
}

@misc{WikiAMS01Flight,
   author = "Roskosmos",
   title = "\rm {STS-91 PLB}",
   year = "1998",
   note = "Retrieved 16:20, July 20, 2022 from: \href{https://commons.wikimedia.org/w/index.php?title=File:STS-91_PLB.jpg}{\textcolor{blue}{https://comm\\ons.wikimedia.org/wiki/File:STS-91{\textunderscore}PLB.jpg}}",
}

@misc{AMS01Brochure,
  author = {AMS-01 Collaboration},
  title  = {\rm{AMS}-01 \rm{B}rochure},
  url    = {https://ams.cern.ch/ams01/5.htm},
  note   = "URL: \textcolor{blue}{https://ams.cern.ch/ams01/5.htm}",
}

@misc{wikiISS,
   author = "NASA/Crew-2",
   title = "View of the \rm{ISS} taken during Crew-2 flyaround (ISS066-E-081311)",
   year = "2021",
   note = "Retrieved 16:20, July 20, 2022 from: \href{https://commons.wikimedia.org/wiki/File:View_of_the_ISS_taken_during_Crew-2_flyaround_(ISS066-E-081311).jpg}{\textcolor{blue}{https://commons.wikimedia.org/wiki/File:View\\{\textunderscore}of{\textunderscore}the{\textunderscore}ISS{\textunderscore}taken{\textunderscore}during{\textunderscore}Crew-2{\textunderscore}flyaround{\textunderscore}(ISS066-E-081311).jpg}}",
}

@misc{AMSWebside,
  author = {AMS Collaboration},
  title = {The \rm{A}lpha \rm{M}agnetic \rm{S}pectrometer on the \rm{I}nternational \rm{S}pace \rm{S}tation},
  url = {https://ams02.space},
  year = {2022},
  note = "URL: \textcolor{blue}{https://ams02.space}",
}

// Section 3.2 TRD

@article{TransitionRadiation_Ginzburg1945,
    author = "Ginzburg, V. L. and Frank, I. M.",
    title = "{Radiation of a \rm{U}niformly \rm{M}oving \rm{E}lectron \rm{D}ue to \rm{I}ts \rm{T}ransition from \rm{O}ne \rm{M}edium to \rm{A}nother}",
    journal = "J. Phys. (USSR)",
    volume = "9",
    pages = "353--362",
    year = "1945",
}

@inproceedings{AMS02TRDPaper1,
    author = "Heil, M. and others",
    collaboration = "AMS",
    title = "{Operations and \rm{A}lignment of the \rm{AMS}-02 \rm{T}ransition \rm{R}adiation \rm{D}etector}",
    booktitle = "{33rd International Cosmic Ray Conference}",
    pages = "1232",
    year = "2013",
    note = {URL: \href{https://www.cbpf.br/~icrc2013/papers/icrc2013-1232.pdf}{\textcolor{blue}{https://www.cbpf.br/~icrc2013/papers/icrc2013-1232.pdf}}},
}

@article{AMS02TRDPaper2,
title   = {The \rm{AMS} \rm{TRD}. \rm{A} gasdetector designed for operation in space},
journal = {Nuclear Physics B - Proceedings Supplements},
volume  = {150},
pages   = {30-33},
year    = {2006},
issn    = {0920-5632},
doi     = {https://doi.org/10.1016/j.nuclphysbps.2004.06.001},
url     = {https://www.sciencedirect.com/science/article/pii/S0920563205008030},
author  = {T. Siedenburg},
note    = "DOI: \href{https://doi.org/10.1016/j.nuclphysbps.2004.06.001}{\textcolor{blue}{10.1016/j.nuclphysbps.2004.06.001}}",
}

@article{TRD_DEDXPaper,
title   = {The \rm{AMS}-02 transition radiation detector},
author  = {T. Kirn},
journal = {Nuclear Instruments and Methods in Physics Research Section A: Accelerators, Spectrometers, Detectors and Associated Equipment},
volume  = {581},
number  = {1},
pages   = {156-159},
year    = {2007},
issn    = {0168-9002},
doi     = {https://doi.org/10.1016/j.nima.2007.07.052},
url     = {https://www.sciencedirect.com/science/article/pii/S0168900207014817},
note    = "DOI: \href{https://doi.org/10.1016/j.nima.2007.07.052}{\textcolor{blue}{10.1016/j.nima.2007.07.052}}",
}

// Section 3.3 Tracker

@article{AMS02OriginalMagnet,
title   = {The superconducting magnet of AMS-02},
journal = {Nuclear Physics B - Proceedings Supplements},
volume  = {113},
number  = {1},
pages   = {125-132},
year    = {2002},
issn    = {0920-5632},
doi     = {https://doi.org/10.1016/S0920-5632(02)01831-5},
url     = {https://www.sciencedirect.com/science/article/pii/S0920563202018315},
author  = {B. Blau and S.M. Harrison and H. Hofer and S.R. Milward and J.S.H. Ross and S.C.C. Ting and J. Ulbricht and G. Viertel},
note    = "DOI: \href{https://doi.org/10.1016/S0920-5632(02)01831-5}{\textcolor{blue}{10.1016/S0920-5632(02)01831-5}}",
}

@article{AMSPermanentMagnet,
title = {Upgrade of the \rm{A}lpha \rm{M}agnetic \rm{S}pectrometer (\rm{AMS}-02) for long term operation on the \rm{I}nternational \rm{S}pace \rm{S}tation (\rm{ISS})},
journal = {Nuclear Instruments and Methods in Physics Research Section A: Accelerators, Spectrometers, Detectors and Associated Equipment},
volume = {654},
number = {1},
pages = {639-648},
year = {2011},
author = {K. Lubelsmeyer et al},
note = "DOI: \href{https://doi.org/10.1016/j.nima.2011.06.051}{\textcolor{blue}{10.1016/j.nima.2011.06.051}}",
}

@article{TrackerPlanePicture,
title   = {The \rm{S}ilicon \rm{T}racker of \rm{AMS}02},
author  = {D. Haas},
journal = {Nuclear Instruments and Methods in Physics Research Section A: Accelerators, Spectrometers, Detectors and Associated Equipment},
volume  = {530},
number  = {1},
pages   = {173-177},
year    = {2004},
issn    = {0168-9002},
doi     = {https://doi.org/10.1016/j.nima.2004.05.068},
url     = {https://www.sciencedirect.com/science/article/pii/S016890020401054X},
note    = "DOI: \href{https://doi.org/10.1016/j.nima.2004.05.068}{\textcolor{blue}{10.1016/j.nima.2004.05.068}}",
}

@article{AMSTrackerPaper1,
    author = "Saouter, P. E.",
    collaboration = "\rm{AMS}-02 Tracker",
    title = "{Operation and \rm{P}erformance of \rm{AMS}-02 \rm{S}ilicon \rm{T}racker}",
    doi = "10.22323/1.227.0028",
    journal = "PoS",
    volume = "Vertex2014",
    pages = "028",
    year = "2015",
    note = "DOI: \href{https://doi.org/10.22323/1.227.0028}{\textcolor{blue}{10.22323/1.227.0028}}",
}

@article{AMSTrackerPaper2,
    author = "Haino, S.",
    editor = "Hou, Suen and Ohsugi, Takashi and Sadrozinski, Hartmut F. -W and Unno, Yoshinobu",
    collaboration = "AMS 02-Tracker",
    title = "{Performance of the \rm{AMS}-02 silicon tracker in the \rm{ISS} mission}",
    doi = "10.1016/j.nima.2012.05.060",
    journal = "Nuclear Instruments and Methods in Physics Research Section A: Accelerators, Spectrometers, Detectors and Associated Equipment",
    volume = "699",
    pages = "221--224",
    year = "2013",
    note = "DOI: \href{https://doi.org/10.1016/j.nima.2012.05.060}{\textcolor{blue}{10.1016/j.nima.2012.05.060}}",
}

@inproceedings{AMSTrackerAlignment1,
    author    = "Ambrosi, G. and others",
    title     = "{Alignment of the \rm{AMS}-02 \rm{S}ilicon \rm{T}racker}",
    booktitle = "{33rd International \\Cosmic Ray Conference}",
    pages     = "1260",
    year      = "2013",
    note      = "URL: \href{https://ui.adsabs.harvard.edu/abs/2013ICRC...33..570A}{\textcolor{blue}{https://ui.adsabs.harvard.edu/abs/\\2013ICRC...33..570A}}", 
}

@article{AMSTrackerAlignment2,
title   = {The internal alignment and position resolution of the AMS-02 silicon tracker determined with cosmic-ray muons},
journal = {Nuclear Instruments and Methods in Physics Research Section A: Accelerators, Spectrometers, Detectors and Associated Equipment},
volume  = {613},
number  = {2},
pages   = {207-217},
year    = {2010},
issn    = {0168-9002},
doi     = {https://doi.org/10.1016/j.nima.2009.11.065},
url     = {https://www.sciencedirect.com/science/article/pii/S0168900209022803},
author  = {B. Alpat et al.},
note    = "DOI: \href{https://doi.org/10.1016/j.nima.2009.11.065}{\textcolor{blue}{10.1016/j.nima.2009.11.065}}",
}

@ARTICLE{TrackerResolutionPaper,
       author = {\rm{G}luckstern, R. L.},
        title = {Uncertainties in track momentum and direction, due to multiple scattering and measurement errors},
      journal = {Nuclear Instruments and Methods},
         year = {1963},
        month = {Jul},
       volume = {24},
        pages = {381-389},
          doi = {10.1016/0029-554X(63)90347-1},
       adsurl = {https://ui.adsabs.harvard.edu/abs/1963NucIM..24..381G},
      adsnote = {Provided by the SAO/NASA Astrophysics Data System},
         note = "DOI: \href{https://doi.org/10.1016/0029-554X(63)90347-1}{\textcolor{blue}{10.1016/0029-554X(63)90347-1}}",
}

@inproceedings{ChargeConfusionReasonsAndTrackerResolutionPaper,
    author    = "Zuccon, P.",
    title     = "{\rm{AMS}-02 \rm{T}rack reconstruction and rigidity measurement}",
    booktitle = "{33rd International Cosmic Ray Conference}",
    pages     = "1064",
    year      = "2013",
    note      = "URL: \href{https://s3.cern.ch/inspire-prod-files-7/71c48c76263c1f7bee2621c779ba3320}{\textcolor{blue}{https://s3.cern.ch/inspire-prod-files-7/71c48c76263c1f7bee2621c779ba3320}}", 
}


// Section 3.4 TOF

@article{AMSTOFPaper1,
    author  = "Bindi, V. and others",
    title   = "{Calibration and performance of the \rm{AMS}-02 time of flight detector in space}",
    doi     = "10.1016/j.nima.2014.01.002",
    journal = "Nuclear Instruments and Methods in Physics Research Section A: Accelerators, Spectrometers, Detectors and Associated Equipment",
    volume  = "743",
    pages   = "22--29",
    year    = "2014",
    note    = "DOI: \href{https://doi.org/10.1016/j.nima.2014.01.002}{\textcolor{blue}{10.1016/j.nima.2014.01.002}}",
}

@article{AMSTOFPaper2,
    author  = {V. Bindi and others},
    title   = "{The time of flight detector of the \rm{AMS}-02 experiment on the international space station}",
    doi     = "10.1016/j.nima.2012.11.061",
    journal = "Nuclear Instruments and Methods in Physics Research Section A: Accelerators, Spectrometers, Detectors and Associated Equipment",
    volume  = "718",
    pages   = "478--480",
    year    = "2013",
    note    = "DOI: \href{https://doi.org/10.1016/j.nima.2012.11.061}{\textcolor{blue}{10.1016/j.nima.2012.11.061}}",
}

@INPROCEEDINGS{TOFdetector,
       author = {V. Bindi and others},
        title = "{The AMS-02 Time of Flight (TOF) System: Construction and Overall Performances in Space}",
    booktitle = {International Cosmic Ray Conference},
         year = {2013},
       volume = {33},
        month = "Jan",
        pages = {2298},
         note = "URL: \href{https://ui.adsabs.harvard.edu/abs/2013ICRC...33.2298B}{\textcolor{blue}{https://ui.adsabs.harvard.edu/abs/2013ICRC...33.2298B}}", 
}

// Section 3.5 RICH

@article{AMSRICHPaper1,
    author = {L. Hu and others},
    collaboration = "AMS02-RICH",
    title = "{The \rm{RICH} detector of \rm{AMS}-02: 5 years of operation in space}",
    doi = "10.1016/j.nima.2016.12.011",
    journal = "Nuclear Instruments and Methods in Physics Research Section A: Accelerators, Spectrometers, Detectors and Associated Equipment",
    volume = "876",
    pages = "5--8",
    year = "2017",
    note = "DOI: \href{https://doi.org/10.1016/j.nima.2016.12.011}{\textcolor{blue}{10.1016/j.nima.2016.12.011}}", 
}

@article{AMSRICHPaper2,
    author = "Pereira, R.",
    editor = "Forty, R. and Hallewell, G. and Hofmann, W. and Nappi, E. and Ratcliff, B.",
    collaboration = "AMS RICH",
    title = "{The \rm{AMS}-02 \rm{RICH} detector: \rm{P}erformance during ground-based data taking at \rm{CERN}}",
    doi = "10.1016/j.nima.2010.09.036",
    journal = "Nuclear Instruments and Methods in Physics Research Section A: Accelerators, Spectrometers, Detectors and Associated Equipment",
    volume = "639",
    pages = "37--41",
    year = "2011",
    note = "DOI: \href{https://doi.org/10.1016/j.nima.2010.09.036}{\textcolor{blue}{10.1016/j.nima.2010.09.036}}", 
}

@article{RICHDetector,
title   = {The \rm{AMS}-02 \rm{RICH} detector: \rm{S}tatus and physics results},
journal = {Nuclear Instruments and Methods in Physics Research Section A: Accelerators, Spectrometers, Detectors and Associated Equipment},
volume  = {952},
pages   = {161797},
year    = {2020},
issn    = {0168-9002},
doi     = {https://doi.org/10.1016/j.nima.2019.01.024},
url     = {https://www.sciencedirect.com/science/article/pii/S0168900219300567},
author  = {F. Giovacchini and J. Casaus and A. Oliva},
note    = "DOI: \href{https://doi.org/10.1016/j.nima.2019.01.024}{\textcolor{blue}{10.1016/j.nima.2019.01.024}}", 
}

@article{RichResolution,
title = {Performance in space of the \rm{AMS}-02 \rm{RICH} detector},
journal = {Nuclear Instruments and Methods in Physics Research Section A: Accelerators, Spectrometers, Detectors and Associated Equipment},
volume = {766},
pages = {57-60},
year = {2014},
issn = {0168-9002},
doi = {https://doi.org/10.1016/j.nima.2014.04.036},
url = {https://www.sciencedirect.com/science/article/pii/S0168900214004410},
author = {F. Giovacchini},
note = "DOI: \href{https://doi.org/10.1016/j.nima.2014.04.036}{\textcolor{blue}{10.1016/j.nima.2014.04.036}}", 
}
}

// Section 3.6 ECAL

@article{ECALPaper1,
    author = {Sylvie, R. L. },
    collaboration = "AMS02",
    title = "{Performance of the \rm{AMS}02 electromagnetic calorimeter in space}",
    doi = "10.1088/1742-6596/404/1/012034",
    journal = "Journal of Physics: Conference Series",
    volume = "404",
    pages = "012034",
    year = "2012",
    note = "DOI: \href{https://doi.org/10.1088/1742-6596/404/1/012034}{\textcolor{blue}{10.1088/1742-6596/404/1/012034}}", 
}

@inproceedings{ECALPaper2,
  title = "{The electromagnetic calorimeter of the \rm{AMS}-02 experiment}",
  AUTHOR = {Vecchi, M. and others},
  URL = {http://hal.in2p3.fr/in2p3-00745677},
  BOOKTITLE = {{Semaine de l'Astrophysique Francaise (SF2A 2012)}},
  ADDRESS = {Nice, France},
  YEAR = {2012},
  MONTH = {Jun},
  note = "URL: \href{http://hal.in2p3.fr/in2p3-00745677}{\textcolor{blue}{http://hal.in2p3.fr/in2p3-00745677}}", 
}

@article{ECALFibres,
    author  = "Adloff, C. and others",
    title   = "{The \rm{AMS}-02 lead-scintillating fibres \rm{E}lectromagnetic \rm{C}alorimeter}",
    doi     = "10.1016/j.nima.2013.02.020",
    journal = "Nuclear Instruments and Methods in Physics Research Section A: Accelerators, Spectrometers, Detectors and Associated Equipment",
    volume  = "714",
    pages   = "147--154",
    year    = "2013",
    note    = "DOI: \href{https://doi.org/10.1016/j.nima.2013.02.020}{\textcolor{blue}{10.1016/j.nima.2013.02.020}}", 
}

@article{ECALPaper3,
    author        = "I. Marco",
    collaboration = "AMS02",
    title         = "{Performance of the \rm{AMS}-02 \rm{E}lectromagnetic \rm{C}alorimeter in \rm{S}pace}",
    doi           = "10.22323/1.213.0025",
    journal       = "PoS",
    volume        = "TIPP2014",
    pages         = "025",
    year          = "2014",
    note          = "DOI: \href{https://doi.org/10.22323/1.213.0025}{\textcolor{blue}{10.22323/1.213.0025}}", 
}

@inproceedings{ECALShowerPaper,
    author        = "Vecchi, M. and Wu, K. and Chang, Y.",
    collaboration = "AMS-02 ECAL",
    title         = "{A 3-dimensional electromagnetic shower characterization and its application to \rm{AMS}-02 pointing capability}",
    booktitle     = "{33rd International Cosmic Ray Conference}",
    pages         = "0653",
    year          = "2013",
    note          = "URL: \href{https://www.cbpf.br/~icrc2013/papers/icrc2013-0653.pdf}{\textcolor{blue}{https://www.cbpf.br/~icrc2013/pap\\ers/icrc2013-0653.pdf}}", 
}

@article{ECALBeamTest,
    author        = "D. F. Stefano",
    collaboration = "AMS 02",
    title         = "{Results of 2007 test beam of \rm{AMS}-02 \rm{E}lectromagnetic \rm{C}alorimeter}",
    doi           = "10.1016/j.asr.2009.08.005",
    journal       = "Advances in Space Research",
    volume        = "45",
    pages         = "112--122",
    year          = "2010",
    note          = "DOI: \href{https://doi.org/10.1016/j.asr.2009.08.005}{\textcolor{blue}{10.1016/j.asr.2009.08.005}}", 
}

@article{ECALResolution,
	title     = {Performance of the {AMS}-02 \rm{E}lectromagnetic \rm{C}alorimeter in \rm{S}pace},
	author    = {G. Gallucci and (for the AMS-02 ECAL group)},
	doi       = {10.1088/1742-6596/587/1/012028},
	url       = {https://doi.org/10.1088/1742-6596/587/1/012028},
	year      = {2015},
	month     = {Feb},
	publisher = {{IOP} Publishing},
	volume    = {587},
	pages     = {012028},
	journal   = {Journal of Physics: Conference Series},
        note      = "DOI: \href{https://doi.org/10.1088/1742-6596/587/1/012028}{\textcolor{blue}{10.1088/1742-6596/587/1/012028}}", 
}

// Section 3.7 ACC

@article{ACCPaper1,
    author        = {P. von Doetinchem and others},
    title         = "{The \rm{AMS}-02 \rm{A}nticoincidence \rm{C}ounter}",
    eprint        = "0811.4314",
    archivePrefix = "arXiv",
    primaryClass  = "astro-ph",
    doi           = "10.1016/j.nuclphysbps.2009.10.025",
    journal       = "Nuclear Physics B - Proceedings Supplements",
    volume        = "197",
    pages         = "15--18",
    year          = "2009",
    note          = "DOI: \href{https://doi.org/10.1016/j.nuclphysbps.2009.10.025}{\textcolor{blue}{10.1016/j.nuclphysbps.2009.10.025}}", 
}

@article{ACCPaper2,
    author = "Bruch, T. and Wallraff, W.",
    title = "{The \rm{A}nti-\rm{C}oincidence \rm{C}ounter shield of the \rm{AMS} tracker}",
    doi = "10.1016/j.nima.2006.10.376",
    journal = "Nuclear Instruments and Methods in Physics Research Section A: Accelerators, Spectrometers, Detectors and Associated Equipment",
    volume = "572",
    pages = "505--507",
    year = "2007",
    note = "DOI: \href{https://doi.org/10.1016/j.nima.2006.10.376}{\textcolor{blue}{10.1016/j.nima.2006.10.376}}", 
}

@article{ACCAsTrigger,
    author = {A. Basili and others}, 
    title = "{The \rm{TOF}-\rm{ACC} flight electronics for the fast trigger and time of flight of the \rm{AMS}-02 cosmic ray spectrometer}",
    doi = "10.1016/j.nima.2012.12.089",
    journal = "Nuclear Instruments and Methods in Physics Research Section A: Accelerators, Spectrometers, Detectors and Associated Equipment",
    volume = "707",
    pages = "99--113",
    year = "2013",
    note = "DOI: \href{https://doi.org/10.1016/j.nima.2012.12.089}{\textcolor{blue}{10.1016/j.nima.2012.12.089}}", 
}

@INPROCEEDINGS{ACCDetector,
  author    = {P. von Doetinchem and others},
  title     = {The \rm{A}nticoincidence \rm{C}ounter \rm{S}ystem of \rm{AMS}-02},
  booktitle = {International Cosmic Ray Conference},
  month     = "Jun",
  year      = {2009},
  page      = {1064},
  note      = "URL: \href{https://srl.utu.fi/AuxDOC/kocharov/ICRC2009/pdf/icrc1064.pdf}{\textcolor{blue}{https://srl.utu.fi/AuxDOC/kocharov\\/ICRC2009/pdf/icrc1064.pdf}}", 
}


// Section 4

// General Description

@PHDTHESIS{ZimmermannPhDThesis,
      author       = {Zimmermann, N.},
      othercontributors = {Schael, Stefan and Wiebusch, Christopher},
      title        = {Precision measurement of the cosmic-ray electron and
                      positron fluxes as a function of time and energy with the
                      Alpha Magnetic Spectrometer on the International
                      Space Station},
      school       = {RWTH Aachen University},
      type         = {Dissertatison},
      address      = {Aachen},
      reportid     = {RWTH-2020-02650},
      pages        = {1 Online-Ressource (232 Seiten) : Illustrationen,
                      Diagramme},
      year         = {2020},
      cin          = {131410 / 130000},
      ddc          = {520},
      cid          = {$I:(DE-82)131410_20140620$ / $I:(DE-82)130000_20140620$},
      typ          = {PUB:(DE-HGF)11},
      doi          = {10.18154/RWTH-2020-02650},
      url          = {https://publications.rwth-aachen.de/record/784618},
      note         = "DOI: \href{https://doi.org/10.18154/RWTH-2020-02650}{\textcolor{blue}{10.18154/RWTH-2020-02650}}", 
}

@article{MinuitPaper,
title   = {Minuit - a system for function minimization and analysis of the parameter errors and correlations},
journal = {Computer Physics Communications},
volume  = {10},
number  = {6},
pages   = {343-367},
year    = {1975},
issn    = {0010-4655},
doi     = {https://doi.org/10.1016/0010-4655(75)90039-9},
url     = {https://www.sciencedirect.com/science/article/pii/0010465575900399},
author  = {F. James and M. Roos},
note    = "DOI: \href{https://doi.org/10.1016/0010-4655(75)90039-9}{\textcolor{blue}{10.1016/0010-4655(75)90039-9}}",
}

// Section 4.1 Data selection

@article{CERNROOTPaper,
title   = {ROOT - \rm{A}n object oriented data analysis framework},
author  = {R. Brun and F. Rademakers},
journal = {Nuclear Instruments and Methods in Physics Research Section A: Accelerators, Spectrometers, Detectors and Associated Equipment},
volume  = {389},
number  = {1},
pages   = {81-86},
year    = {1997},
issn    = {0168-9002},
doi     = {https://doi.org/10.1016/S0168-9002(97)00048-X},
url     = {https://www.sciencedirect.com/science/article/pii/S016890029700048X},
note    = "DOI: \href{https://doi.org/10.1016/S0168-9002(97)00048-X}{\textcolor{blue}{10.1016/S0168-9002(97)00048-X}}",
}

@PHDTHESIS{BastianPhDPaper,
      author            = {B. Beischer},
      othercontributors = {Schael, Stefan and Wiebusch, Christopher},
      title             = {{M}easurement of high energy gamma rays from 200 {M}e{V} to
                      1 {T}e{V} with the {A}lpha {M}agnetic {S}pectrometer on the
                      {I}nternational {S}pace {S}tation},
      school       = {RWTH Aachen University},
      type         = {Dissertation},
      address      = {Aachen},
      reportid     = {RWTH-2020-06535},
      pages        = {1 Online-Ressource (198 Seiten) : Illustrationen,
                      Diagramme},
      year         = {2020},
      cin          = {131410 / 130000},
      ddc          = {530},
      cid          = {$I:(DE-82)131410_20140620$ / $I:(DE-82)130000_20140620$},
      typ          = {PUB:(DE-HGF)11},
      doi          = {10.18154/RWTH-2020-06535},
      url          = {https://publications.rwth-aachen.de/record/792985},
      note         = "DOI: \href{https://doi.org/10.18154/RWTH-2020-06535}{\textcolor{blue}{10.18154/RWTH-2020-06535}}",
}

@article{BartelsRotationBook,
author = {Bartels, J.},
title = {Twenty-seven day recurrences in terrestrial-magnetic and solar activity, 1923-1933},
journal = {Terrestrial Magnetism and Atmospheric Electricity},
volume = {39},
number = {3},
pages = {201-202a},
doi = {https://doi.org/10.1029/TE039i003p00201},
url = {https://agupubs.onlinelibrary.wiley.com/doi/abs/10.1029/TE039i003p00201},
eprint = {https://agupubs.onlinelibrary.wiley.com/doi/pdf/10.1029/TE039i003p00201},
year = {1934},
note = "DOI: \href{https://doi.org/10.1029/TE039i003p00201}{\textcolor{blue}{10.1029/TE039i003p00201}}",
}

@article{GEANT4Paper1,
    author        = "Agostinelli, S. and others",
    collaboration = "GEANT4",
    title         = "{GEANT4--a simulation toolkit}",
    reportNumber  = "SLAC-PUB-9350, FERMILAB-PUB-03-339, CERN-IT-2002-003",
    doi           = "10.1016/S0168-9002(03)01368-8",
    journal       = "Nuclear Instruments and Methods in Physics Research Section A: Accelerators, Spectrometers, Detectors and Associated Equipment",
    volume        = "506",
    pages         = "250--303",
    year          = "2003",
    note          = "DOI: \href{https://doi.org/10.1016/S0168-9002(03)01368-8}{\textcolor{blue}{10.1016/S0168-9002(03)01368-8}}",
}

@article{GEANT4Paper2,
    author       = {Allison, J. and others},
    title        = {Recent developments in Geant4},
    reportNumber = "FERMILAB-PUB-16-447-CD",
    doi          = "10.1016/j.nima.2016.06.125",
    journal      = "Nuclear Instruments and Methods in Physics Research Section A: Accelerators, Spectrometers, Detectors and Associated Equipment",
    volume       = "835",
    pages        = "186--225",
    year         = "2016",
    note         = "DOI: \href{https://doi.org/10.1016/j.nima.2016.06.125}{\textcolor{blue}{10.1016/j.nima.2016.06.125}}",
}

// Section 4.2 Charge Confusion Estimator

@inproceedings{TMVA2009,
  title        = {\rm{TMVA}, the toolkit for multivariate data analysis with \rm{ROOT}},
  author       = {V. Helge and others},
  booktitle    = {\rm{XI} \rm{I}nternational \rm{W}orkshop on \rm{A}dvanced \rm{C}omputing and \rm{A}nalysis \rm{T}echniques in \rm{P}hysics \rm{R}esearch},
  volume       = {50},
  pages        = {040},
  year         = {2009},
  organization = {SISSA Medialab},
  note         = "DOI: \href{https://doi.org/10.22323/1.050.0040}{\textcolor{blue}{10.22323/1.050.0040}}", 
}

// Section 4.3 TRD Estimator

@article{MaximumLikelihoodForm,
author  = {J. Neyman and E. S. Pearson and K. Pearson},   
title   = {IX. \rm{O}n the problem of the most efficient tests of statistical hypotheses},
journal = {Philosophical Transactions of the Royal Society of London. Series A, Containing Papers of a Mathematical or Physical Character},
volume  = {231},
number  = {694-706},
pages   = {289-337},
year    = {1933},
doi     = {10.1098/rsta.1933.0009},
URL     = {https://royalsocietypublishing.org/doi/abs/10.1098/rsta.1933.0009},
eprint  = {https://royalsocietypublishing.org/doi/pdf/10.1098/rsta.1933.0009},
note    = "DOI: \href{https://doi.org/10.1098/rsta.1933.0009}{\textcolor{blue}{10.1098/rsta.1933.0009}}",
}

@article{TRDRejectionPowerPaper,
title   = {The \rm{AMS}-02 \rm{TRD} on the international space station},
journal = {Nuclear Instruments and Methods in Physics Research Section A: Accelerators, Spectrometers, Detectors and Associated Equipment},
volume  = {706},
pages   = {43-47},
year    = {2013},
issn    = {0168-9002},
doi     = {https://doi.org/10.1016/j.nima.2012.05.010},
url     = {https://www.sciencedirect.com/science/article/pii/S0168900212004974},
author  = {Kirn, T.},
note    = "DOI: \href{https://doi.org/10.1016/j.nima.2012.05.010}{\textcolor{blue}{10.1016/j.nima.2012.05.010}}",
}

// Section 4.4 Template Fit

// Section 4.5 Effective Acceptance

@article{SULLIVAN19715,
title   = {Geometric factor and directional response of single and multi-element particle telescopes},
journal = {Nuclear Instruments and Methods},
volume  = {95},
number  = {1},
pages   = {5-11},
year    = {1971},
issn    = {0029-554X},
doi     = {https://doi.org/10.1016/0029-554X(71)90033-4},
url     = {https://www.sciencedirect.com/science/article/pii/0029554X71900334},
author  = {J. D. Sullivan},
note    = "DOI: \href{https://doi.org/10.1016/0029-554X(71)90033-4}{\textcolor{blue}{10.1016\\/0029-554X(71)90033-4}}", 
}

@ARTICLE{PbarCrossSection1,
       author = {Nakamura, K. and others},
        title = {Absorption and \rm{F}orward \rm{S}cattering of \rm{A}ntiprotons by \rm{C}, \rm{A}l, and \rm{C}u \rm{N}uclei in the \rm{R}egion 470-880 \rm{M}e\rm{V}/c},
      journal = {Phys. Rev. Lett.},
         year = {1984},
        month = {Feb},
       volume = {52},
       number = {9},
        pages = {731-734},
          doi = {10.1103/PhysRevLett.52.731},
       adsurl = {https://ui.adsabs.harvard.edu/abs/1984PhRvL..52..731N},
      note    = "DOI: \href{https://doi.org/10.1103/PhysRevLett.52.731}{\textcolor{blue}{10.1103/PhysRevLett.52.731}}", 
}

@article{PbarCrossSection2,
    author       = "Carroll, A. S. and others",
    title        = {Absorption Cross-Sections of $\pi^{\pm}$, $K^{\pm}$, p and $\bar{p}$ on Nuclei Between 60 \rm{G}e\rm{V}/c and 280 \rm{G}e\rm{V}/c},
    reportNumber = "FERMILAB-PUB-78-80-EXP, FERMILAB-PUB-78-080-E",
    doi          = "10.1016/0370-2693(79)90226-0",
    journal      = "Phys. Lett. B",
    volume       = "80",
    pages        = "319--322",
    year         = "1979",
    note         = "DOI: \href{https://doi.org/10.1016/0370-2693(79)90226-0}{\textcolor{blue}{10.1016/0370-2693(79)90226-0}}", 
}

@article{ProtonCrossSection1,
  title         = {Measurements of cross sections and charged pion spectra in proton-carbon interactions at 31 \rm{G}e\rm{V}/c},
  author        = {Abgrall, N. and others},
  collaboration = {The NA61/SHINE Collaboration},
  journal       = {Phys. Rev. C},
  volume        = {84},
  issue         = {3},
  pages         = {034604},
  numpages      = {26},
  year          = {2011},
  month         = {Sep},
  publisher     = {American Physical Society},
  doi           = {10.1103/PhysRevC.84.034604},
  url           = {https://link.aps.org/doi/10.1103/PhysRevC.84.034604},
  note          = "DOI: \href{https://doi.org/10.1103/PhysRevC.84.034604}{\textcolor{blue}{10.1103/PhysRevC.84.034604}}", 
}

@ARTICLE{ProtonCrossSection2,
       author = {Letaw, J. R. and Silberberg, R. and Tsao, C. H.},  
        title = {Proton-nucleus total inelastic cross sections - an empirical formula for \rm{E} greater than 10 \rm{M}e\rm{V}},
      journal = {Astrophysical Journal Supplement},
         year = {1983},
        month = {Mar},
       volume = {51},
        pages = {271-275},
          doi = {10.1086/190849},
       adsurl = {https://ui.adsabs.harvard.edu/abs/1983ApJS...51..271L},
      adsnote = {Provided by the SAO/NASA Astrophysics Data System},
         note = "DOI: \href{https://doi.org/10.1086/190849}{\textcolor{blue}{10.1086/190849}}", 
}


// Section 4.6 Measuring Time

@article{StormerCutOffCalculation,
title   = {The polar aurora},
author  = {C. Stormer},
journal = {Quarterly Journal of the Royal Meteorological Society},
volume  = {82},
number  = {351},
pages   = {115-115},
doi     = {https://doi.org/10.1002/qj.49708235123},
url     = {https://rmets.onlinelibrary.wiley.com/doi/abs/10.1002/qj.49708235123},
year    = {1956},
note    = "DOI: \href{https://doi.org/10.1002/qj.49708235123}{\textcolor{blue}{10.1002/qj.49708235123}}", 
}

@article{StormerCutOffEquation,
title   = {A review of geomagnetic cutoff rigidities for earth-orbiting spacecraft},
journal = {Advances in Space Research},
volume  = {36},
number  = {10},
pages   = {2012-2020},
year    = {2005},
issn    = {0273-1177},
doi     = {https://doi.org/10.1016/j.asr.2004.09.015},
url     = {https://www.sciencedirect.com/science/article/pii/S0273117705001997},
author  = {D. F. Smart and M. A. Shea},
note    = "DOI: \href{https://doi.org/10.1016/j.asr.2004.09.015}{\textcolor{blue}{10.1016/j.asr.2004.09.015}}", 
}

// Section 4.7 Trigger Efficiency


// Section 4.8 Unfolding

@inproceedings{UnfoldingInRooUnfold,
    author = {T. Adye}, 
    title = "{Unfolding algorithms and tests using RooUnfold}",
    booktitle = "{PHYSTAT 2011}",
    eprint = "1105.1160",
    archivePrefix = "arXiv",
    primaryClass = "physics.data-an",
    doi = "10.5170/CERN-2011-006.313",
    publisher = "CERN",
    address = "Geneva",
    pages = "313--318",
    year = "2011",
    note = "DOI: \href{https://doi.org/10.5170/CERN-2011-006.313}{\textcolor{blue}{10.5170/CERN-2011-006.313}}", 
}

@article{BayersUnfolding,
title = {A multidimensional unfolding method based on \rm{B}ayes' theorem},
journal = {Nuclear Instruments and Methods in Physics Research Section A: Accelerators, Spectrometers, Detectors and Associated Equipment},
volume = {362},
number = {2},
pages = {487-498},
year = {1995},
issn = {0168-9002},
doi = {https://doi.org/10.1016/0168-9002(95)00274-X},
url = {https://www.sciencedirect.com/science/article/pii/016890029500274X},
author = {G. D'Agostini},
note = "DOI: \href{https://doi.org/10.1016/0168-9002(95)00274-X}{\textcolor{blue}{10.1016/0168-9002(95)00274-X}}", 
}

// Section 4.9 Antiproton to Proton Flux Ratio Calculation

// Section 4.10 Systematic Uncertainty


//// Charpter 5

// Section 5.1 TimeAveragedResult


// Section 5.2 TimeDependentResult

@article{TimeDependentPbarRatioModelPaper,
  title   = {Antiprotons at Solar Maximum},
  author  = {J. W. Bieber and others},  
  journal = {Phys. Rev. Lett.},
  volume  = {83},
  issue   = {4},
  pages   = {674--677},
  numpages = {0},
  year    = {1999},
  month   = {Jul},
  publisher = {American Physical Society},
  doi     = {10.1103/PhysRevLett.83.674},
  url     = {https://link.aps.org/doi/10.1103/PhysRevLett.83.674},
  note    = "DOI: \href{https://doi.org/10.1103/PhysRevLett.83.674}{\textcolor{blue}{10.1103/PhysRevLett.83.674}}", 
}


@Article{AslamModulationPaper,
AUTHOR  = {M. S. Potgieter and others}, 
TITLE   = {A Perspective on the Solar Modulation of Cosmic Anti-Matter},
JOURNAL = {Physics},
VOLUME  = {3},
YEAR    = {2021},
NUMBER  = {4},
PAGES   = {1190--1225},
URL     = {https://www.mdpi.com/2624-8174/3/4/76},
ISSN    = {2624-8174},
DOI     = {10.3390/physics3040076},
note    = "DOI: \href{https://doi.org/10.3390/physics3040076}{\textcolor{blue}{10.3390/physics3040076}}", 
}


//// Charpter 6 Summary

@article{AMS100,
title = {\rm{AMS}-100: \rm{T}he next generation magnetic spectrometer in space - \rm{A}n international science platform for physics and astrophysics at \rm{L}agrange point 2},
journal = {Nuclear Instruments and Methods in Physics Research Section A: Accelerators, Spectrometers, Detectors and Associated Equipment},
volume = {944},
pages = {162561},
year = {2019},
issn = {0168-9002},
doi = {https://doi.org/10.1016/j.nima.2019.162561},
url = {https://www.sciencedirect.com/science/article/pii/S0168900219310848},
author = {Schael, S. and others},
note = "DOI: \href{https://doi.org/10.1016/j.nima.2019.162561}{\textcolor{blue}{10.1016/j.nima.2019.162561}}", 
}









##################
##### useless ####
##################

@misc{NobelPositronAnderson,
  author = {NobelPrize.org (Nobel Media AB)},
  title = {\rm{C}arl \rm{D}. \rm{A}nderson - \rm{F}acts},
  publisher = {Nobel Prize Outreach AB 2022},
  year = {2022},
  note = {URL: \href{https://www.nobelprize.org/prizes/physics/1936/anderson/facts}{\textcolor{blue}{https://www.nobel\\prize.org/prizes/physics/1936/anderson/facts}}}, 
}

@misc{NobelAntiproton,
  author = {NobelPrize.org (Nobel Media AB)},
  title = {The \rm{N}obel \rm{P}rize in \rm{P}hysics 1959},
  publisher = {Nobel Prize Outreach AB 2022},
  year = {2022},
  note = {URL: \href{https://www.nobelprize.org/prizes/physics/1959/summary}{\textcolor{blue}{https://www.nobelprize.org/prizes/physics/1959/summary}}},
}

@article{ElementAbundanceOfCosmicRaysPaper,
author  = {Pacini, A.},
year    = {2017},
month   = {Jan},
pages   = {},
title   = {Cosmic rays: \rm{B}ringing messages from the sky to the \rm{E}arth's surface},
volume  = {39},
journal = {Revista Brasileira de Ensino de Fisica},
doi     = {10.1590/1806-9126-RBEF-2016-0168},
note    = "DOI: \href{https://doi.org/10.1590/1806-9126-RBEF-2016-0168}{\textcolor{blue}{10.1590/1806-9126-RBEF-2016-0168}}",
}

@PHDTHESIS{PhDThesisFabianMachate,
      author       = {Machate, F.},
      othercontributors = {Schael, Stefan and Mertsch, Philipp},
      title        = {{S}tudy for large acceptance electron analysis with the
                      {A}lpha {M}agnetic {S}pectrometer on the {I}nternational
                      {S}pace {S}tation},
      school       = {RWTH Aachen University},
      type         = {Dissertation},
      address      = {Aachen},
      publisher    = {RWTH Aachen University},
      reportid     = {RWTH-2021-09976},
      pages        = {1 Online-Ressource : Illustrationen, Diagramme},
      year         = {2021},
      cid          = {$I:(DE-82)131410_20140620$ / $I:(DE-82)130000_20140620$},
      typ          = {PUB:(DE-HGF)11},
      doi          = {10.18154/RWTH-2021-09976},
      url          = {https://publications.rwth-aachen.de/record/834541},
      note = "DOI: \href{https://publications.rwth-aachen.de/record/834541}{\textcolor{blue}{10.18154/RWTH-2021-09976}}",
}

@PHDTHESIS{CosmicRaysKneeAndAnkle_old,
author = {Lopez-Oramas, A.},  
year = {2015},
month = {Apr},
pages = {},
school = {Universitat Autonoma de \rm{B}arcelona},
title = {\rm{M}ulti-year \rm{C}ampaign of the \rm{G}amma-\rm{R}ay \rm{B}inary \rm{LS} \rm{I} +$61^{\circ}$ 303 and \rm{S}earch for \rm{VHE} \rm{E}mission from \rm{G}amma-\rm{R}ay \rm{B}inary \rm{C}andidates with the \rm{MAGIC} \rm{T}elescopes},
doi = {10.13140/RG.2.1.4140.4969},
note = "DOI: \href{https://doi.org/10.13140/RG.2.1.4140.4969}{\textcolor{blue}{10.13140/RG.2.1.4140.4969}}",
}















